<record><leader>00000cas a2200000Ma 4500</leader><controlfield tag="001">210630038</controlfield><controlfield tag="008">830923d1849186umiuwr ne      0    0eng  </controlfield><datafield ind1=" " ind2=" " tag="010"><subfield code="a">sn 83016618 </subfield></datafield><datafield ind1=" " ind2=" " tag="040"><subfield code="a">DLC</subfield><subfield code="b">eng</subfield><subfield code="c">AQM</subfield><subfield code="d">OCLCQ</subfield></datafield><datafield ind1="0" ind2=" " tag="130"><subfield code="a">Western chronicle (Centreville, Mich.)</subfield></datafield><datafield ind1="1" ind2="0" tag="245"><subfield code="a">Western chronicle.</subfield></datafield><datafield ind1=" " ind2=" " tag="260"><subfield code="a">Centreville, Mich. :</subfield><subfield code="b">B.G. Bennet</subfield></datafield><datafield ind1=" " ind2=" " tag="300"><subfield code="a">v. ;</subfield><subfield code="c">68 cm.</subfield></datafield><datafield ind1=" " ind2=" " tag="310"><subfield code="a">Weekly</subfield></datafield><datafield ind1="1" ind2=" " tag="362"><subfield code="a">Began with Sept. 29, 1849 issue.</subfield><subfield code="z">Cf. McMurtrie, d. C. Early print. in Mich.</subfield></datafield><datafield ind1=" " ind2=" " tag="500"><subfield code="a">Editors: T.F. Bouton, &lt;1855&gt;.</subfield></datafield><datafield ind1=" " ind2=" " tag="500"><subfield code="a">Published at Centreville, Mich., 1849-1854, &lt;1855&gt;.</subfield></datafield><datafield ind1=" " ind2=" " tag="500"><subfield code="a">Published at Three Rivers, Mich., &lt;1854&gt;. Cf. McMurtrie, D.C. Early print. in Mich.</subfield></datafield><datafield ind1=" " ind2=" " tag="500"><subfield code="a">Publishers: B.G. Bennet, 1849-&lt;1852&gt;; T.F. Bouton, &lt;1855&gt;.</subfield></datafield><datafield ind1=" " ind2=" " tag="588"><subfield code="a">Description based on: Oct. 21, 1852.</subfield></datafield><datafield ind1=" " ind2="7" tag="655"><subfield code="a">Newspapers.</subfield><subfield code="2">rbgenr</subfield></datafield><datafield ind1=" " ind2=" " tag="752"><subfield code="a">United States</subfield><subfield code="b">Michigan</subfield><subfield code="c">Saint Joseph</subfield><subfield code="d">Centreville.</subfield></datafield><datafield ind1=" " ind2=" " tag="752"><subfield code="a">United States</subfield><subfield code="b">Michigan</subfield><subfield code="c">Saint Joseph</subfield><subfield code="d">Three Rivers.</subfield></datafield></record>